<record><leader>00000cas a22000007a 4500</leader><controlfield tag="001">10718540</controlfield><controlfield tag="008">840511d19461981deuwr ne      0    0eng d</controlfield><datafield ind1=" " ind2=" " tag="010"><subfield code="a">sn 84026834 </subfield></datafield><datafield ind1=" " ind2=" " tag="040"><subfield code="a">NPU</subfield><subfield code="b">eng</subfield><subfield code="c">NPU</subfield><subfield code="d">DEX</subfield><subfield code="d">OCLCQ</subfield></datafield><datafield ind1=" " ind2=" " tag="042"><subfield code="a">msc</subfield></datafield><datafield ind1="0" ind2=" " tag="130"><subfield code="a">New Castle gazette (New Castle, Del.)</subfield></datafield><datafield ind1="1" ind2="0" tag="245"><subfield code="a">New Castle gazette.</subfield></datafield><datafield ind1=" " ind2=" " tag="260"><subfield code="a">New Castle, Del. :</subfield><subfield code="b">[s.n.]</subfield></datafield><datafield ind1=" " ind2=" " tag="310"><subfield code="a">Weekly</subfield></datafield><datafield ind1="1" ind2=" " tag="362"><subfield code="a">Began in 1946?</subfield></datafield><datafield ind1="0" ind2=" " tag="362"><subfield code="a">-v. 14, no. 42, (Oct. 21, 1981).</subfield></datafield><datafield ind1=" " ind2=" " tag="588"><subfield code="a">Description based on: Vol. 9, no. 1 (Jan. 3, 1947).</subfield></datafield><datafield ind1=" " ind2=" " tag="752"><subfield code="a">United States</subfield><subfield code="b">Delaware</subfield><subfield code="c">New Castle</subfield><subfield code="d">New Castle.</subfield></datafield><datafield ind1="0" ind2="0" tag="780"><subfield code="t">New Castle county gazette</subfield><subfield code="w">(DLC)sn 88053010</subfield></datafield><datafield ind1="0" ind2="0" tag="785"><subfield code="t">Gazette (New Castle, Del.)</subfield><subfield code="w">(DLC)sn 88053160</subfield></datafield><datafield ind1="1" ind2=" " tag="029"><subfield code="a">AU@</subfield><subfield code="b">000025786449</subfield></datafield></record>